<?xml version="1.0" encoding="UTF-8"?>
<record>
  <leader>01222ncm#a2200421#c#4500</leader>
  <controlfield tag="005">20210409122002.0</controlfield>
  <controlfield tag="007">qu</controlfield>
  <controlfield tag="008">151016|2015####gw#uu|##############ger#c</controlfield>
  <controlfield tag="003">DE-605</controlfield>
  <controlfield tag="001">990209515320206441</controlfield>
  <datafield tag="015" ind1=" " ind2=" ">
    <subfield code="a">15,M11</subfield>
    <subfield code="2">dnb</subfield>
  </datafield>
  <datafield tag="016" ind1="7" ind2=" ">
    <subfield code="a">1074831489</subfield>
    <subfield code="2">DE-101b</subfield>
  </datafield>
  <datafield tag="024" ind1="2" ind2=" ">
    <subfield code="a">9790001200165</subfield>
  </datafield>
  <datafield tag="024" ind1="1" ind2=" ">
    <subfield code="a">841886022942</subfield>
  </datafield>
  <datafield tag="024" ind1="3" ind2=" ">
    <subfield code="a">9790001200165</subfield>
  </datafield>
  <datafield tag="028" ind1="5" ind2="2">
    <subfield code="a">ED 22009</subfield>
  </datafield>
  <datafield tag="028" ind1="2" ind2="2">
    <subfield code="a">56 522</subfield>
  </datafield>
  <datafield tag="035" ind1=" " ind2=" ">
    <subfield code="a">(DE-605)HT018781534</subfield>
  </datafield>
  <datafield tag="040" ind1=" " ind2=" ">
    <subfield code="a">Kn 38</subfield>
    <subfield code="b">ger</subfield>
    <subfield code="c">DNB</subfield>
    <subfield code="e">rda</subfield>
  </datafield>
  <datafield tag="041" ind1=" " ind2=" ">
    <subfield code="a">ger</subfield>
    <subfield code="a">eng</subfield>
  </datafield>
  <datafield tag="044" ind1=" " ind2=" ">
    <subfield code="c">XA-DE</subfield>
  </datafield>
  <datafield tag="084" ind1=" " ind2=" ">
    <subfield code="a">785.13</subfield>
    <subfield code="q">DE-101</subfield>
    <subfield code="2">sdnb</subfield>
  </datafield>
  <datafield tag="100" ind1="1" ind2=" ">
    <subfield code="a">Schroeder, Hermann</subfield>
    <subfield code="d">1904-1984</subfield>
    <subfield code="0">(DE-588)118823442</subfield>
    <subfield code="4">cmp</subfield>
    <subfield code="0">https://portal.dnb.de/opac.htm?method=simpleSearch&amp;cqlMode=true&amp;query=idn=118823442</subfield>
    <subfield code="0">http://viaf.org/viaf/sourceID/DNB|118823442</subfield>
    <subfield code="B">GND-118823442</subfield>
  </datafield>
  <datafield tag="240" ind1="1" ind2="0">
    <subfield code="a">Momento capriccioso</subfield>
    <subfield code="0">(DE-588)107360974X</subfield>
    <subfield code="0">https://portal.dnb.de/opac.htm?method=simpleSearch&amp;cqlMode=true&amp;query=idn=107360974X</subfield>
    <subfield code="0">http://viaf.org/viaf/sourceID/DNB|107360974X</subfield>
    <subfield code="B">GND-107360974X</subfield>
  </datafield>
  <datafield tag="245" ind1="1" ind2="0">
    <subfield code="a">Momento capriccioso</subfield>
    <subfield code="b">for violin, French horn (in F) and piano ; (1969)</subfield>
    <subfield code="c">Hermann Schroeder, 1904-1984</subfield>
  </datafield>
  <datafield tag="246" ind1="3" ind2=" ">
    <subfield code="a">Für Violine, Horn (in F) und Klavier</subfield>
  </datafield>
  <datafield tag="250" ind1=" " ind2=" ">
    <subfield code="a">Score and parts</subfield>
  </datafield>
  <datafield tag="264" ind1=" " ind2="1">
    <subfield code="a">Mainz</subfield>
    <subfield code="a">Berlin</subfield>
    <subfield code="b">Schott</subfield>
    <subfield code="c">[2015]</subfield>
  </datafield>
  <datafield tag="264" ind1=" " ind2="4">
    <subfield code="c">c 2015</subfield>
  </datafield>
  <datafield tag="300" ind1=" " ind2=" ">
    <subfield code="a">1 Partitur (12 Seiten), 2 Stimmen</subfield>
  </datafield>
  <datafield tag="336" ind1=" " ind2=" ">
    <subfield code="b">ntm</subfield>
  </datafield>
  <datafield tag="337" ind1=" " ind2=" ">
    <subfield code="b">n</subfield>
  </datafield>
  <datafield tag="338" ind1=" " ind2=" ">
    <subfield code="b">nc</subfield>
  </datafield>
  <datafield tag="500" ind1=" " ind2=" ">
    <subfield code="a">Partitur, Stimmen</subfield>
    <subfield code="9">F:510</subfield>
  </datafield>
  <datafield tag="964" ind1="0" ind2="s">
    <subfield code="F">030</subfield>
    <subfield code="A">a||dr||||||17</subfield>
  </datafield>
  <datafield tag="964" ind1="0" ind2="s">
    <subfield code="F">050</subfield>
    <subfield code="A">a|||||||||||||</subfield>
  </datafield>
  <datafield tag="964" ind1="0" ind2="s">
    <subfield code="F">051</subfield>
    <subfield code="A">mm||||||</subfield>
  </datafield>
  <datafield tag="035" ind1=" " ind2=" ">
    <subfield code="a">(DE-599)DNB1074831489</subfield>
  </datafield>
  <datafield tag="MBD" ind1=" " ind2=" ">
    <subfield code="M">49HBZ_NETWORK</subfield>
    <subfield code="i">990209515320206441</subfield>
    <subfield code="n">HBZ Network</subfield>
  </datafield>
  <datafield tag="MBD" ind1=" " ind2=" ">
    <subfield code="M">49HBZ_HMT</subfield>
    <subfield code="i">990003026700406460</subfield>
    <subfield code="n">Hochschule für Musik und Tanz Köln</subfield>
  </datafield>
  <datafield tag="MNG" ind1=" " ind2=" ">
    <subfield code="c">System</subfield>
    <subfield code="f">ILS</subfield>
    <subfield code="i">marc21</subfield>
    <subfield code="k">01</subfield>
    <subfield code="e">false</subfield>
    <subfield code="d">2023-05-30 17:29:28 Europe/Berlin</subfield>
    <subfield code="g">020951532-HBZ01</subfield>
    <subfield code="j">60</subfield>
    <subfield code="a">import</subfield>
    <subfield code="b">2021-04-06 03:45:19 Europe/Berlin</subfield>
  </datafield>
  <datafield tag="H52" ind1="8" ind2="1">
    <subfield code="b">Z9038</subfield>
    <subfield code="c">MZ8V</subfield>
    <subfield code="h">Fb 3533</subfield>
    <subfield code="8">2213841830006460</subfield>
  </datafield>
  <datafield tag="HOL" ind1=" " ind2=" ">
    <subfield code="d">2023-08-17 11:28:55</subfield>
    <subfield code="8">2213841830006460</subfield>
    <subfield code="b">2023-08-01 10:53:18</subfield>
    <subfield code="M">49HBZ_HMT</subfield>
    <subfield code="g">false</subfield>
    <subfield code="a">import</subfield>
    <subfield code="c">System</subfield>
  </datafield>
  <datafield tag="ITM" ind1=" " ind2=" ">
    <subfield code="H">2213841830006460</subfield>
    <subfield code="x">MZ8V</subfield>
    <subfield code="f">SCORE</subfield>
    <subfield code="v">MZ8V</subfield>
    <subfield code="p">41</subfield>
    <subfield code="X">System</subfield>
    <subfield code="U">2015-10-16 12:59:00 Europe/Berlin</subfield>
    <subfield code="Y">2023-08-01 12:54:17 Europe/Berlin</subfield>
    <subfield code="h">false</subfield>
    <subfield code="n">Fb 3533</subfield>
    <subfield code="M">49HBZ_HMT</subfield>
    <subfield code="s">1</subfield>
    <subfield code="d">8</subfield>
    <subfield code="V">import</subfield>
    <subfield code="L">FH_O 150 SchroeH : Mome /1</subfield>
    <subfield code="b">KN38$0000049839</subfield>
    <subfield code="N">Z30-PRICE: € 18,00</subfield>
    <subfield code="a">2313841820006460</subfield>
    <subfield code="c">Fb 3533</subfield>
    <subfield code="B">2015/2354</subfield>
    <subfield code="D">20151016</subfield>
    <subfield code="W">2015-10-16 02:00:00 Europe/Berlin</subfield>
    <subfield code="u">Z9038</subfield>
    <subfield code="w">Z9038</subfield>
  </datafield>
  <datafield tag="GPN" ind1="1" ind2=" ">
    <subfield code="a">Schröder, Hermann</subfield>
    <subfield code="d">1904-1984</subfield>
    <subfield code="A">GND</subfield>
    <subfield code="B">GND-118823442</subfield>
    <subfield code="C">400</subfield>
  </datafield>
  <datafield tag="GSI" ind1="7" ind2=" ">
    <subfield code="a">118823442</subfield>
    <subfield code="0">http://d-nb.info/gnd/118823442</subfield>
    <subfield code="2">gnd</subfield>
    <subfield code="A">GND</subfield>
    <subfield code="B">GND-118823442</subfield>
    <subfield code="C">024</subfield>
  </datafield>
  <datafield tag="GSI" ind1="7" ind2=" ">
    <subfield code="a">http://d-nb.info/gnd/107360974X</subfield>
    <subfield code="2">uri</subfield>
    <subfield code="A">GND</subfield>
    <subfield code="B">GND-107360974X</subfield>
    <subfield code="C">024</subfield>
  </datafield>
</record>
